<?xml version="1.0" encoding="UTF-8"?><collection xmlns="http://www.loc.gov/MARC21/slim"><record><leader>00488nam--2200157-i-4500</leader><controlfield tag="001">000043508</controlfield><controlfield tag="002">20161230</controlfield><controlfield tag="005">20161230201044</controlfield><controlfield tag="008">060222s1000------------r-----000-0-eng-d</controlfield><datafield ind1=" " ind2=" " tag="040"><subfield code="a">IFIN-HH</subfield></datafield><datafield ind1=" " ind2=" " tag="080"><subfield code="a">518.2</subfield></datafield><datafield ind1=" " ind2=" " tag="245"><subfield code="a">Tables of circular and hyperbolic sines and cosines for radian arguments</subfield></datafield><datafield ind1=" " ind2=" " tag="260"><subfield code="a">NEW YORK, UNITED STATES GOUVERNEMENT PRINTING OFFICE:1949. XV + 406 p</subfield></datafield><datafield ind1=" " ind2=" " tag="490"><subfield code="a">Math.Table Mt3. Second Edition 1949</subfield></datafield><datafield ind1=" " ind2=" " tag="852"><subfield code="a">1021</subfield><subfield code="c">518.2</subfield></datafield><datafield ind1=" " ind2=" " tag="CAT"><subfield code="a">Sys</subfield><subfield code="c">20090707</subfield><subfield code="h">081350</subfield></datafield></record></collection>